@ARTICLE{Michaelson,
author={H. {Michaelson}},
journal={IEEE Transactions on Professional Communication},
title={How an author can avoid the pitfalls of practical ethics},
year={1990},
volume={33},
number={2},
pages={58-61},
keywords={professional aspects;technical presentation;practical ethics;standards;moral ethics;professional ethics;legal ethics;copyright laws;Ethics;Law;Writing;Legal factors;Keyboards;Data engineering;Design engineering;Creep;Design methodology;Hazards},
doi={10.1109/47.56367},
ISSN={},
month={June},}

@book{Alley,
	author={Michael Alley},
	year={2003},
	title={The craft of scientific presentations : critical steps to succeed and critical errors to avoid},
	publisher={New York : Springer-Verlag, 2003]},
	note={ID: NCSU1604400; Includes bibliographical references (pages 219-234) and indexes.},
	language={English}
}
@book{RefWorks:doc:5dd32234e4b08d0bc07d6e28,
	author={Kate L. Turabian and Wayne C. Booth and Gregory G. Colomb and Joseph M. Williams and NCSU Retired Faculty and Staff, Library Endowment},
	year={2013},
	title={A manual for writers of research papers, theses, and dissertations : Chicago Style for students and researchers},
	publisher={Chicago : University of Chicago Press, 2013},
	note={ID: NCSU2796474; "Portions of this book have been adapted from The Craft of Research, 3rd edition, by Wayne C. Booth, Gregory C. Colomb, and Joseph M. Williams, ©1995, 2003, 2008 by The University of Chicago; and The Chicago Manual of Style, 16th edition, ©2010 by The University of Chicago"--Title page verso.; Includes bibliographical references (pages 409-433) and index.},
	language={English}
}
@book{Booth,
	author={Wayne C. Booth and Gregory G. Colomb and Joseph M. Williams},
	year={2003},
	title={The craft of research},
	publisher={Chicago : University of Chicago press, 2003},
	note={ID: NCSU1615572; Includes bibliographical references and index.},
	language={English}
}
@book{Anholt,
	author={Robert Rene Henri Anholt 1951- and Faculty Publication Collection (North Carolina, State University and Graduate Student Association Endowment for, the Libraries},
	year={2006},
	title={Dazzle 'em with style : the art of oral scientific presentation},
	publisher={Burlington, MA : Elsevier Academic Press, 2006]},
	note={ID: NCSU1868098; Includes index.},
	language={English}
}
@book{Feibelman,
	author={Peter J. Feibelman},
	year={2011},
	title={A PhD is not enough! : a guide to survival in science},
	publisher={New York : Basic Books, 2011]},
	note={ID: NCSU2407487; Description based on print version record.; First published: Reading, Mass. : Addisson-Wesley, c1993.; Includes bibliographical references.; 1280L (source: Lexile)},
	language={English},
	url={http://proxying.lib.ncsu.edu/index.php?url=http://site.ebrary.com/lib/ncsu/Top?id=10435915}
}
@book{RefWorks:Michaelson,
	author={Herbert B. (Herbert Bernard) Michaelson 1916-},
	year={1986},
	title={How to write and publish engineering papers and reports},
	publisher={Philadelphia : ISI Press, 1986]},
	note={ID: NCSU666609; Includes bibliographies and index.},
	language={English}
}


% https://www.sciencedirect.com/book/9780123694522/dazzle-em-with-style